@book{alexander2023telling,
  title={Telling Stories with Data: With Applications in R},
  author={Alexander, Rohan},
  year={2023},
  publisher={Chapman and Hall/CRC}
}

@article{chambliss1989mundanity,
  title={The mundanity of excellence: An ethnographic report on stratification and Olympic swimmers},
  author={Chambliss, Daniel},
  journal={Sociological Theory},
  volume={7},
  number={1},
  pages={70--86},
  year={1989},
  publisher={JSTOR}
}

@misc{barrett2021data,
  title={Data Science as an Atomic Habit},
  author={Barrett, Malcolm},
  year={2021}
}